<?xml version="1.0" encoding="UTF-8"?><collection xmlns="http://www.loc.gov/MARC21/slim"><record><leader>00318nam--2200121-i-4500</leader><controlfield tag="001">000020621</controlfield><controlfield tag="002">20161230</controlfield><controlfield tag="005">20161230201033</controlfield><controlfield tag="008">060222s1000------------r-----000-0-eng-d</controlfield><datafield ind1=" " ind2=" " tag="080"><subfield code="a">061.62(493):001.891:539</subfield></datafield><datafield ind1=" " ind2=" " tag="245"><subfield code="a">Annual report 1993. nuclear research centre, mol</subfield></datafield><datafield ind1=" " ind2=" " tag="260"><subfield code="a">Lannoo, Tielt, 1993 48 Pg</subfield></datafield><datafield ind1=" " ind2=" " tag="852"><subfield code="a">80503</subfield></datafield></record></collection>